@book{humble10,
 author = {Humble, Jez and Farley, David},
 title = {Continuous Delivery: Reliable Software Releases through Build, Test, and Deployment Automation},
 year = {2010},
 isbn = {0321601912, 9780321601919},
 edition = {1st},
 publisher = {Addison-Wesley Professional},
} 

